@book{aigames,
  author    = "Ian Millington and John Funge",
  title     = "Artificial Intelligence for Games, Second Edition",
  publisher = "Morgan Kaufmann",
  year      = 2009,
  isbn      = "0123747317"
}

@misc{locomotion,
  author    = "Rune Skovbo Johansen",
  title     = "Locomotion System",
  month     = may,
  year      = 2010,
  url       = {http://unity3d.com/support/resources/unity-extensions/locomotion-ik}
}

@misc{imatrailer,
author = "DADIU hold 5",
title = "Imachination trailer",
month = may,
year = 2010,
url = {http://www.youtube.com/watch?v=WJ-ca5-hhWk}
}